% References for Thesis
@book{lamport86,
	AUTHOR = "Leslie Lamport",
	PUBLISHER = "Addison-Wesley Publishing Company",
	TITLE = "{\LaTeX: A Document Preparation System}",
	YEAR = 1986}.

@phdthesis{soomro94,
	AUTHOR = "Rahman A. Soomro",
	TITLE = "Testability Insertion in Bit-Slice Data Path Designs:
		A Pseudo-Exhaustive BIST Approach",
	SCHOOL = "Case Western Reserve University",
	ADDRESS = "Cleveland, OH 44106",
	MONTH = "January",
	YEAR = 1994}.
